<?xml version="1.0" encoding="UTF-8"?><record xmlns="http://www.loc.gov/MARC21/slim" xmlns:cinclude="http://apache.org/cocoon/include/1.0" xmlns:zs="http://www.loc.gov/zing/srw/">
  <leader>00490cz  a2200145n  4500</leader>
  <controlfield tag="001">no2005109039</controlfield>
  <controlfield tag="003">DLC</controlfield>
  <controlfield tag="005">20120607074931.0</controlfield>
  <controlfield tag="008">051026n| acannaabn          |a ana     c</controlfield>
  <datafield tag="010" ind1=" " ind2=" ">
    <subfield code="a">no2005109039</subfield>
  </datafield>
  <datafield tag="035" ind1=" " ind2=" ">
    <subfield code="a">(OCoLC)oca06784129</subfield>
  </datafield>
  <datafield tag="040" ind1=" " ind2=" ">
    <subfield code="a">OC</subfield>
    <subfield code="b">eng</subfield>
    <subfield code="c">OC</subfield>
    <subfield code="d">OC</subfield>
  </datafield>
  <datafield tag="110" ind1="2" ind2=" ">
    <subfield code="a">Bethesda Hospital and Deaconess Association</subfield>
  </datafield>
  <datafield tag="510" ind1="2" ind2=" ">
    <subfield code="w">b</subfield>
    <subfield code="a">Bethesda, Inc.</subfield>
  </datafield>
  <datafield tag="670" ind1=" " ind2=" ">
    <subfield code="a">Bethesda, Inc. Annual report, 1983:</subfield>
    <subfield code="b">p.5 (Bethesda Hospital and Deaconess Association was restructured in 1983 to form Bethesda, Inc.)</subfield>
  </datafield>
</record>